% References for UAV Task Offloading and A3C Research

@article{mnih2016asynchronous,
  title={Asynchronous methods for deep reinforcement learning},
  author={Mnih, Volodymyr and Badia, Adri{\`a} Puigdom{\`e}nech and Mirza, Mehdi and Graves, Alex and Lillicrap, Timothy and Harley, Tim and Silver, David and Kavukcuoglu, Koray},
  journal={International conference on machine learning},
  pages={1928--1937},
  year={2016},
  organization={PMLR}
}

@article{sutton2018reinforcement,
  title={Reinforcement learning: An introduction},
  author={Sutton, Richard S and Barto, Andrew G},
  journal={MIT press},
  year={2018}
}

@article{chen2019deep,
  title={Deep reinforcement learning for multi-resource multi-machine job scheduling},
  author={Chen, Xiaodong and Chen, Weizhen and Cai, Yabo and Yang, Hao},
  journal={arXiv preprint arXiv:1909.10300},
  year={2019}
}

@article{wang2020deep,
  title={Deep reinforcement learning for UAV-enabled wireless communications with edge computing},
  author={Wang, Lei and Wang, Kaishun and Pan, Cunhua and Xu, Wei and Aslam, Nauman and Nallanathan, Arumugam},
  journal={IEEE Transactions on Cognitive Communications and Networking},
  volume={7},
  number={1},
  pages={131--141},
  year={2020},
  publisher={IEEE}
}

@article{liu2020multi,
  title={Multi-UAV collaborative task offloading and resource allocation in edge computing},
  author={Liu, Jianshan and Zhang, Qianbin and Chen, Zheng and Ni, Qiang},
  journal={IEEE Transactions on Vehicular Technology},
  volume={69},
  number={10},
  pages={12394--12405},
  year={2020},
  publisher={IEEE}
}

@inproceedings{tampuu2017multiagent,
  title={Multiagent deep reinforcement learning with extremely sparse rewards},
  author={Tampuu, Ardi and Matiisen, Tambet and Kodelja, Dorian and Kuzovkin, Ilya and Korjus, Kristjan and Aru, Juhan and Aru, Jaan and Vicente, Raul},
  booktitle={arXiv preprint arXiv:1707.01068},
  year={2017}
}

@article{zhou2020edge,
  title={Edge intelligence: Paving the last mile of artificial intelligence with edge computing},
  author={Zhou, Zhenyu and Chen, Xiaojun and Li, En and Zeng, Liekang and Luo, Ke and Zhang, Junshan},
  journal={Proceedings of the IEEE},
  volume={107},
  number={8},
  pages={1738--1762},
  year={2019},
  publisher={IEEE}
}

@article{yang2020multi,
  title={Multi-UAV enabled load balance for mobile-edge computing},
  author={Yang, Lei and Yao, Haipeng and Wang, Jing and Jiang, Chunxiao and Benslimane, Abderrahim and Liu, Yunjie},
  journal={IEEE Transactions on Wireless Communications},
  volume={19},
  number={10},
  pages={6932--6945},
  year={2020},
  publisher={IEEE}
}

@article{foerster2018counterfactual,
  title={Counterfactual multi-agent policy gradients},
  author={Foerster, Jakob and Farquhar, Gregory and Afouras, Triantafyllos and Nardelli, Nantas and Whiteson, Shimon},
  journal={Proceedings of the AAAI conference on artificial intelligence},
  volume={32},
  number={1},
  year={2018}
}

@article{gupta2017cooperative,
  title={Cooperative multi-agent control using deep reinforcement learning},
  author={Gupta, Jayesh K and Egorov, Maxim and Kochenderfer, Mykel},
  journal={International conference on autonomous agents and multiagent systems},
  pages={66--83},
  year={2017},
  organization={Springer}
}

% Add more references as needed for specific sections
@article{task_offloading_survey,
  title={A survey on task offloading in mobile edge computing},
  author={Placeholder, Author},
  journal={IEEE Communications Surveys \& Tutorials},
  year={2021}
}

@inproceedings{uav_edge_computing,
  title={UAV-enabled mobile edge computing: A survey},
  author={Placeholder, Author},
  booktitle={IEEE Conference Proceedings},
  year={2020}
}

% Recent federated learning and UAV task offloading papers
@inproceedings{song2024drqn,
  title={DRQN-based Task Offloading in UAV-assisted Mobile Edge Computing Environments with Hidden Channel Conditions},
  author={Song, Taewon},
  booktitle={2024 International Conference on Information and Communication Technology Convergence (ICTC)},
  pages={881--884},
  year={2024},
  organization={IEEE}
}

@article{zhao2022multiagent,
  title={Multi-Agent Deep Reinforcement Learning for Task Offloading in UAV-Assisted Mobile Edge Computing},
  author={Zhao, Nan and Ye, Zhiyang and Pei, Yiyang and Liang, Ying-Chang and Niyato, Dusit},
  journal={IEEE Transactions on Wireless Communications},
  volume={21},
  number={9},
  pages={6949--6962},
  year={2022},
  publisher={IEEE}
}

@article{wang2020federated,
  title={Federated Deep Reinforcement Learning for Internet of Things With Decentralized Cooperative Edge Caching},
  author={Wang, Xiaofei and Wang, Chenyang and Li, Xiuhua and Leung, Victor C. M. and Taleb, Tarik},
  journal={IEEE Internet of Things Journal},
  volume={7},
  number={10},
  pages={9441--9455},
  year={2020},
  publisher={IEEE}
}